<?xml version="1.0" encoding="UTF-8"?><collection><record><leader>07087ntm a2200577 a 4500</leader><controlfield tag="001">006079719</controlfield><controlfield tag="003">MiAaHDL</controlfield><controlfield tag="005">20190719000000.0</controlfield><controlfield tag="006">m        d        </controlfield><controlfield tag="007">cr bn ---auaua</controlfield><controlfield tag="008">090413s1577    xx            00| ||ara d</controlfield><datafield tag="035" ind1=" " ind2=" "><subfield code="a">(MiU)006079719</subfield></datafield><datafield tag="035" ind1=" " ind2=" "><subfield code="a">sdr-miu006079719</subfield></datafield><datafield tag="040" ind1=" " ind2=" "><subfield code="a">MiU</subfield><subfield code="c">MiU</subfield><subfield code="e">amremm</subfield></datafield><datafield tag="043" ind1=" " ind2=" "><subfield code="a">n-us-mi</subfield></datafield><datafield tag="100" ind1="1" ind2=" "><subfield code="6">880-01</subfield><subfield code="a">Ḥaddād, Abū Bakr ibn ʻAlī,</subfield><subfield code="d">-1397 or 1398.</subfield></datafield><datafield tag="240" ind1="1" ind2="0"><subfield code="6">880-02</subfield><subfield code="a">Jawharah al-Nayyirah</subfield></datafield><datafield tag="245" ind1="1" ind2="3"><subfield code="6">880-03</subfield><subfield code="a">al-Jawharah al-munīrah,</subfield><subfield code="f">[985, i.e. 1577].</subfield></datafield><datafield tag="260" ind1=" " ind2=" "><subfield code="c">[1577]</subfield></datafield><datafield tag="300" ind1=" " ind2=" "><subfield code="a">448 leaves :</subfield><subfield code="b">paper ;</subfield><subfield code="c">205 x 155 (159 x 97) mm. bound to 203 x 165 mm.</subfield></datafield><datafield tag="500" ind1=" " ind2=" "><subfield code="a">Shelfmark: Ann Arbor, University of Michigan, Special Collections Library, Isl. Ms. 63</subfield></datafield><datafield tag="500" ind1=" " ind2=" "><subfield code="a">Origin: Origin: As appears in colophon on fol.445a (p.891), copied by Muṣṭafá ibn Sayyidī [Sīdī?] ibn Maḥmūd. Transcription finished ("wa-kāna al-farāgh min hādhihi al-nuskhah al-mubārakah...") 15 Rabīʻ II 985 [ca. 2 July 1577].</subfield></datafield><datafield tag="500" ind1=" " ind2=" "><subfield code="a">Former shelfmark: British Museum, London "No. 47. Commentary on Kuduri."</subfield></datafield><datafield tag="500" ind1=" " ind2=" "><subfield code="a">Binding: Pasteboards covered in green to brown leather (spine, interior of fore-edge flap, doublure hinges and turn-ins in red leather) ; Type II binding (with flap) ; board linings in paper (pink-tinted) ; upper and lower covers bear stamped (with red leather recessed onlays) and gold-painted central mandorla with pendants and corner pieces (vegetal design, remotely similar to Déroche class. OAi 10) with stamped and gold-painted roll border consisting of a series of s-shaped stamps ; design carries on to envelope flap where it is much better preserved ; sewn in dark blue thread, two stations ; chevron endbands in red and white, detaching and nearly lost ; in poor condition with flap completely detached, much abrasion of cover designs, lifting of leather, delamination of boards, some leather burn, etc.</subfield></datafield><datafield tag="500" ind1=" " ind2=" "><subfield code="a">Support: European laid paper with 12 laid lines per cm. and chain lines (horizontal) spaced roughly 27 mm. apart ; heavy and well-burnished ; angel with hand lifted watermark ; many loose quires.</subfield></datafield><datafield tag="500" ind1=" " ind2=" "><subfield code="a">Decoration: Frame consisting of gold band with black fillets surrounds written area on incipit and facing page ; elsewhere written area surrounded by simple rule-border in two red fillets ; text rubricated with section headings, keywords, overlining, etc. in red ; words for rubrication noted in margins.</subfield></datafield><datafield tag="500" ind1=" " ind2=" "><subfield code="a">Script: Naskh ; neat Ottoman Turkish hand ; partially seriffed with right-sloping head-serif mainly on lām, occasionally ṭāʼ and other letters bearing vertical shafts, free-standing alif usually left serifless ; effect of slight tilt to the left ; often closed counters ; dot of final nūn often assimilated with bowl.</subfield></datafield><datafield tag="500" ind1=" " ind2=" "><subfield code="a">Layout: Written in 23 lines per page ; frame-ruled.</subfield></datafield><datafield tag="500" ind1=" " ind2=" "><subfield code="a">Collation: iv, V-1 (9), 43 V(439), V-1 (448) ; chiefly quinions ; a few lines on p.685 are left blank, unmarked ; last three leaves left blank ; catchwords present ; foliation in red ink, Hindu-Arabic, numerals, (begins with ۱ on fol.2, mistakenly skips ٤۲٤) ; pagination in pencil, Western numerals, supplied during digitization (includes some flyleaves, mistakenly skips two pages between pp.441-442).</subfield></datafield><datafield tag="500" ind1=" " ind2=" "><subfield code="a">Colophon: "Scribal," triangular, reads: "تمت الكتاب بعون الله الملك الوهاب وقد وقع الفراغ عن يد عبد الضعيف النخيف المحتاج الى رحمة الله تعالى مصطفى بن سيدي بن محمود غفر الله له ولوالديه ولاستاذيه ولجميع المؤمنين والمؤمنات والمسلمين والمسلمات برحمتك يا ارحم الراحمين وكان الفراغ من هذه النسخة المباركة في اليوم الخامس عشر في شهر ربيع الاخر من شهور سنة خمس وثمانين وتسعمائة"</subfield></datafield><datafield tag="500" ind1=" " ind2=" "><subfield code="a">Explicit: "واذا اسقطت من نصيب الزوج وهو ثلثة وعشرون ثلثة وهو سبعة وثلثان بقي خمسة عشر وثلث وهو نصيبه من التركة وهكذا كل وارث والله اعلم بالصواب"</subfield></datafield><datafield tag="500" ind1=" " ind2=" "><subfield code="a">Incipit: "الحمد لله ولا حول ولا قوة وما توفيقي الا بالله ... وبعد فهذا شرح لمختصر القدوري وجمعته بالفاظ مختصرة وعباراة [عبارات] ظاهرة يشمل على كثير من المعاني والمذاكرة اوضحته لزوم الافهام القاصرة والهمم المتقاصرة وسميته الجوهرة المنيرة [النيرة؟] واستعنت بمن له الحمد في الاولى والاخرة سبحانه وهو اهل التقوى واهل المغفرة قال الامام ابو الحسن رحمه الله كتاب الطهارة"</subfield></datafield><datafield tag="500" ind1=" " ind2=" "><subfield code="a">Title from opening on fol.1b (p.6).</subfield></datafield><datafield tag="500" ind1=" " ind2=" "><subfield code="a">Ms. codex.</subfield></datafield><datafield tag="510" ind1="4" ind2=" "><subfield code="a">Brockelmann, C. GAL,</subfield><subfield code="c">II 189 ; SII 250</subfield></datafield><datafield tag="510" ind1="4" ind2=" "><subfield code="a">Brockelmann, C. GAL,</subfield><subfield code="c">I 174/12 ; SI 296/8</subfield></datafield><datafield tag="520" ind1="8" ind2=" "><subfield code="a">Elegant copy of al-Jawharah al-nayyirah, the commentary by Abū Bakr ibn al-Ḥaddād al-ʻAbbādī on al-Qudūrī's (d.1037) Mukhtaṣar, the celebrated Ḥanafī legal manual.</subfield></datafield><datafield tag="538" ind1=" " ind2=" "><subfield code="a">Mode of access: Internet.</subfield></datafield><datafield tag="541" ind1=" " ind2=" "><subfield code="c">Purchase ;</subfield><subfield code="a">Acquired by purchase along with Abdul Hamid Collection (funds donated by Horace Rackham).</subfield><subfield code="d">1924.</subfield></datafield><datafield tag="546" ind1=" " ind2=" "><subfield code="a">Arabic.</subfield></datafield><datafield tag="561" ind1=" " ind2=" "><subfield code="a">Bookplate of British Museum, London on inner front cover,"British Museum, London. No. 47. Commentary on Kuduri." ; circular seal impression with figure of goat/gazelle in purple ink as well as inscription "501" in Western numerals on front flyleaf ; on paper pasted on fol.1a (p.5), a detailed waqf statement in the name of al-Sayyid ʻAbd Allāh Adīb (Abdullah Edip), known as Jannatʹzādah (Cennet-zade), qāḍī of Erzurum, accompanied by his seal, reads: "وقفت وقفا صحيحا شرعيا بشرط لا يخرج من دار الكتب الذي بنيته في اتصال داري الا لعلماء نفس ارضروم بكفيل مرعى اورهن قوي وانا الفقير السيد عبد الله اديب الشهير بجنت زاده القاضي بمدينة ارضروم في سنة اثنى وستين ومائتين والف" ; a few marginal corrections ; inscription on head-edge of textblock, virtually illegible.</subfield></datafield><datafield tag="600" ind1="1" ind2="0"><subfield code="a">Qudūrī, Aḥmad ibn Muḥammad,</subfield><subfield code="d">972 or 973-1037.</subfield><subfield code="t">Mukhtaṣar.</subfield></datafield><datafield tag="650" ind1=" " ind2="0"><subfield code="a">Manuscripts, Arabic</subfield><subfield code="z">Michigan</subfield><subfield code="z">Ann Arbor.</subfield></datafield><datafield tag="650" ind1=" " ind2="0"><subfield code="a">Islamic law</subfield><subfield code="v">Early works to 1800.</subfield></datafield><datafield tag="650" ind1=" " ind2="0"><subfield code="a">Hanafites</subfield><subfield code="v">Early works to 1800.</subfield></datafield><datafield tag="700" ind1="0" ind2=" "><subfield code="6">880-05</subfield><subfield code="a">Muṣṭafá ibn Sayyidī ibn Maḥmūd,</subfield><subfield code="d">fl.1577,</subfield><subfield code="e">scribe.</subfield></datafield><datafield tag="773" ind1="0" ind2=" "><subfield code="a">Tiflis Collection.</subfield></datafield><datafield tag="880" ind1="0" ind2=" "><subfield code="6">700-05/</subfield><subfield code="a">مصطفى بن سيدي بن محمود،</subfield><subfield code="e">ناسخ.</subfield></datafield><datafield tag="880" ind1="1" ind2="2"><subfield code="6">245-03/</subfield><subfield code="a">الجوهرة المنيرة,</subfield><subfield code="f">[985ه، 1577م].</subfield></datafield><datafield tag="880" ind1="1" ind2="0"><subfield code="6">240-02/</subfield><subfield code="a">جوهرة النيرة</subfield></datafield><datafield tag="880" ind1="1" ind2=" "><subfield code="6">100-01/</subfield><subfield code="a">حداد، ابو بكر بن علي.</subfield></datafield><datafield tag="CID" ind1=" " ind2=" "><subfield code="a">006079719</subfield></datafield><datafield tag="DAT" ind1="0" ind2=" "><subfield code="a">20190719102634.0</subfield><subfield code="b">20190719000000.0</subfield></datafield><datafield tag="DAT" ind1="1" ind2=" "><subfield code="a">20190719090653.0</subfield><subfield code="b">2019-07-19T16:11:14Z</subfield></datafield><datafield tag="DAT" ind1="2" ind2=" "><subfield code="a">2015-10-02T18:00:03Z</subfield></datafield><datafield tag="CAT" ind1=" " ind2=" "><subfield code="a">SDR-MIU</subfield><subfield code="d">EX LIBRIS - ALEPH</subfield><subfield code="l">prepare.pl-004-008</subfield></datafield><datafield tag="FMT" ind1=" " ind2=" "><subfield code="a">BK</subfield></datafield><datafield tag="HOL" ind1=" " ind2=" "><subfield code="0">sdr-miu006079719</subfield><subfield code="a">MiU</subfield><subfield code="b">SDR</subfield><subfield code="c">MIU</subfield><subfield code="p">mdp.39015079125061</subfield><subfield code="s">MIU</subfield><subfield code="1">006079719</subfield></datafield><datafield tag="974" ind1=" " ind2=" "><subfield code="b">MIU</subfield><subfield code="c">MIU</subfield><subfield code="d">20190719</subfield><subfield code="s">lit-dlps-dc</subfield><subfield code="u">mdp.39015079125061</subfield><subfield code="y">1577</subfield><subfield code="r">pd</subfield><subfield code="q">bib</subfield><subfield code="t">non-US bib date1 &lt; 1896</subfield></datafield></record></collection>